<?xml version="1.0" encoding="UTF-8"?><collection xmlns="http://www.loc.gov/MARC21/slim"><record><leader>00328nam--2200121-i-4500</leader><controlfield tag="001">000035976</controlfield><controlfield tag="002">20161230</controlfield><controlfield tag="005">20161230201040</controlfield><controlfield tag="008">060222s1000------------r-----000-0-eng-d</controlfield><datafield ind1=" " ind2=" " tag="245"><subfield code="a">Nuclear magnetic resonance in chemistry. proceedings</subfield></datafield><datafield ind1=" " ind2=" " tag="260"><subfield code="a">New York, Academic Press, 1965. Xvii+388p</subfield></datafield><datafield ind1=" " ind2=" " tag="700"><subfield code="a">Pesce, Biagio</subfield></datafield><datafield ind1=" " ind2=" " tag="852"><subfield code="a">22343</subfield></datafield></record></collection>